@article{greenwade93,
    author  = "George D. Greenwade",
    title   = "The {C}omprehensive {T}ex {A}rchive {N}etwork ({CTAN})",
    year    = "1993",
    journal = "TUGBoat",
    volume  = "14",
    number  = "3",
    pages   = "342--351"
}

@misc{2017OpenModelica,
    title = {{OpenModelica}},
    year = {2017},
    url = {https://www.openmodelica.org/}
}

@misc{2017WolframAnalysis,
    title = {{Wolfram SystemModeler: Modeling, Simulation {\&}amp; Analysis}},
    year = {2017},
    url = {http://www.wolfram.com/system-modeler/}
}

@misc{2017MapleSimSoftware,
    title = {{MapleSim - High Performance Physical Modeling and Simulation - Technical Computing Software}},
    year = {2017},
    url = {https://www.maplesoft.com/products/maplesim/}
}

@misc{2017OpenModelica,
    title = {{OpenModelica}},
    year = {2017},
    url = {https://www.openmodelica.org/}
}

@misc{2017DymolaSimulation,
    title = {{Dymola - Multi-Engineering Modeling and Simulation}},
    year = {2017},
    url = {https://www.3ds.com/products-services/catia/products/dymola/}
}

@misc{2017SimscapeSimulink,
    title = {{Simscape - Physical Systems Simulation - MATLAB {\&}amp; Simulink}},
    year = {2017},
    url = {https://www.mathworks.com/products/simscape.html}
}

@inproceedings{Goodfellow2015Cypress:Systems,
    title = {{Cypress: A Testbed for Research in Networked Cyber-Physical Systems}},
    year = {2015},
    booktitle = {10th International Conference on Testbeds and Research Infrastructures for the Developemnt of Networks and Communicites (TRIDENTCOM)},
    author = {Goodfellow, Ryan and Kline, Erik},
    address = {Vancouver, Canada}
}

@inproceedings{Benzel2011TheExperimentation,
    title = {{The science of cyber security experimentation}},
    year = {2011},
    booktitle = {Proceedings of the 27th Annual Computer Security Applications Conference on - ACSAC '11},
    author = {Benzel, Terry},
    month = {12},
    pages = {137},
    publisher = {ACM Press},
    url = {http://dl.acm.org/citation.cfm?id=2076732.2076752},
    address = {New York, New York, USA},
    isbn = {9781450306720},
    doi = {10.1145/2076732.2076752},
    keywords = {cyber-security, experimental research, testbed}
}

@article{Gupta2011DieCast,
    title = {{DieCast}},
    year = {2011},
    journal = {ACM Transactions on Computer Systems},
    author = {Gupta, Diwaker and Vishwanath, Kashi Venkatesh and McNett, Marvin and Vahdat, Amin and Yocum, Ken and Snoeren, Alex and Voelker, Geoffrey M.},
    number = {2},
    month = {5},
    pages = {1--48},
    volume = {29},
    publisher = {ACM},
    url = {http://dl.acm.org/citation.cfm?id=1963559.1963560},
    doi = {10.1145/1963559.1963560},
    issn = {07342071},
    keywords = {Virtualization, Xen, network emulation}
}

@inproceedings{Lee2014IntegratedDilation,
    title = {{Integrated simulation and emulation using adaptive time dilation}},
    year = {2014},
    booktitle = {Proceedings of the 2nd ACM SIGSIM/PADS conference on Principles of advanced discrete simulation - SIGSIM-PADS '14},
    author = {Lee, Hee Won and Thuente, David and Sichitiu, Mihail L.},
    month = {5},
    pages = {167--178},
    publisher = {ACM Press},
    url = {http://dl.acm.org/citation.cfm?id=2601381.2601384},
    address = {New York, New York, USA},
    isbn = {9781450327947},
    doi = {10.1145/2601381.2601384},
    keywords = {KVM, emulation, ns-3, simulation, time dilation, virtualization}
}

@article{Gear1971SimultaneousEquations,
    title = {{Simultaneous Numerical Solution of Differential-Algebraic Equations}},
    year = {1971},
    journal = {IEEE Transactions on Circuit Theory},
    author = {Gear, C.},
    number = {1},
    pages = {89--95},
    volume = {18},
    url = {http://ieeexplore.ieee.org/document/1083221/},
    doi = {10.1109/TCT.1971.1083221},
    issn = {0018-9324}
}

@article{Petzold1982Differential/AlgebraicS,
    title = {{Differential/Algebraic Equations are not ODE’ s}},
    year = {1982},
    journal = {SIAM Journal on Scientific and Statistical Computing},
    author = {Petzold, Linda},
    number = {3},
    month = {9},
    pages = {367--384},
    volume = {3},
    publisher = {Society for Industrial and Applied Mathematics},
    url = {http://epubs.siam.org/doi/10.1137/0903023},
    doi = {10.1137/0903023},
    issn = {0196-5204},
    keywords = {backward differentiation formulas, error estimates, numerical methods, ordinary differential equations, singular differential systems, stiff}
}

@article{Brown1994,
    title = {{Using Krylov Methods in the Solution of Large-Scale Differential-Algebraic Systems}},
    year = {1994},
    journal = {SIAM Journal on Scientific Computing},
    author = {Brown, Peter N. and Hindmarsh, Alan C. and Petzold, Linda R.},
    number = {6},
    month = {11},
    pages = {1467--1488},
    volume = {15},
    publisher = {Society for Industrial and Applied Mathematics},
    url = {http://epubs.siam.org/doi/abs/10.1137/0915088},
    doi = {10.1137/0915088},
    issn = {1064-8275},
    keywords = {65L05, Krylov methods, differential-algebraic systems},
    language = {en}
}

@article{Marz1992NumericalEquations,
    title = {{Numerical methods for differential algebraic equations}},
    year = {1992},
    journal = {Acta Numerica},
    author = {M{\"{a}}rz, Roswitha},
    month = {1},
    pages = {141},
    volume = {1},
    publisher = {Cambridge University Press},
    url = {http://www.journals.cambridge.org/abstract_S0962492900002269},
    doi = {10.1017/S0962492900002269},
    issn = {0962-4929}
}

@book{Lamour2013,
    title = {{Differential-Algebraic Equations: A Projector Based Analysis}},
    year = {2013},
    author = {Lamour, René and M{\"{a}}rz, Roswitha and Tischendorf, Caren},
    publisher = {Springer Berlin Heidelberg},
    url = {http://link.springer.com/10.1007/978-3-642-27555-5},
    address = {Berlin, Heidelberg},
    isbn = {978-3-642-27554-8},
    doi = {10.1007/978-3-642-27555-5}
}

@book{Kunkel2006Differential-AlgebraicSolution,
    title = {{Differential-Algebraic Equations: Analysis and Numerical Solution}},
    year = {2006},
    author = {Kunkel, P and Mehrmann, V},
    url = {http://www.ems-ph.org/books/book.php?proj_nr=36&srch=browse_authors%7CKunkel%2C+Peter}
}
@book{Brenan1995NumericalEquations,
    title = {{Numerical solution of initial-value problems in differential-algebraic equations}},
    year = {1995},
    author = {Brenan, KE and Campbell, SL and Petzold, LR},
    url = {http://epubs.siam.org/doi/pdf/10.1137/1.9781611971224.bm}
}

@article{Petzold1982Differential/AlgebraicS,
    title = {{Differential/Algebraic Equations are not ODE’ s}},
    year = {1982},
    journal = {SIAM Journal on Scientific and Statistical Computing},
    author = {Petzold, Linda},
    number = {3},
    month = {9},
    pages = {367--384},
    volume = {3},
    publisher = {Society for Industrial and Applied Mathematics},
    url = {http://epubs.siam.org/doi/10.1137/0903023},
    doi = {10.1137/0903023},
    issn = {0196-5204},
    keywords = {backward differentiation formulas, error estimates, numerical methods, ordinary differential equations, singular differential systems, stiff}
}

@incollection{Berger2013ControllabilitySurvey,
    title = {{Controllability of Linear Differential-Algebraic Systems—A Survey}},
    year = {2013},
    booktitle = {Surveys in Differential-Algebraic Equations I},
    author = {Berger, Thomas and Reis, Timo},
    pages = {1--61},
    publisher = {Springer Berlin Heidelberg},
    url = {http://link.springer.com/10.1007/978-3-642-34928-7_1},
    address = {Berlin, Heidelberg},
    doi = {10.1007/978-3-642-34928-7{\_}1}
}

@article{Ilchmann2005ATheory,
    title = {{A Behavioral Approach to Time-Varying Linear Systems. Part 1: General Theory}},
    year = {2005},
    journal = {SIAM Journal on Control and Optimization},
    author = {Ilchmann, Achim and Mehrmann, Volker},
    number = {5},
    month = {1},
    pages = {1725--1747},
    volume = {44},
    publisher = {Society for Industrial and Applied Mathematics},
    url = {http://epubs.siam.org/doi/10.1137/S0363012904442239},
    doi = {10.1137/S0363012904442239},
    issn = {0363-0129},
    keywords = {93B11, 93B36, 93B40, adjoint system, autonomous system, behavioral approach, controllability, latent variables, observability, time-varying linear systems}
}

@article{BergerOnSystems,
    title = {{On Differential-Algebraic Control Systems}},
    author = {Berger, Thomas and Ilchmann, Achim and Thomas Hotz, Jun-Prof and Mehrmann, Volker},
    url = {http://www.math.uni-hamburg.de/home/berger/DissBerger-14pt-131028.pdf},
    keywords = {()}
}