@string{cav = {Proc. Int. Conf. Comput.-Aided Verification}}

@string{cdc = {Int. Conf. Decision and Control}}

@string{cicc = {Proc. IEEE Custom Integr. Circuits Conf.}}

@string{dac = {Proc. IEEE/ACM Design Automation Conf.}}

@string{date = {Proc. Design, Automation and Test in Europe}}

@string{emsoft = {Proc. ACM IEEE Int. Conf. Embedded Software}}

@string{esscirc = {Proc. European Solid-State Circuits Conf.}}

@string{fac = {Frontiers in Analog Circuit Synthesis and Verification Workshop}}

@string{fmcad = {Proc. Formal Methods in Computer-Aided Design}}

@string{formats = {Int. Conf. Formal Modeling and Analysis of Timed Systems}}

@string{fse = {Proc. Symp. Foundations of Software Engineering}}

@string{ftrtft = {Proc. Int. Conf. Formal Techniques in Real-time and Fault-tolerant Systems}}

@string{globecom = {IEEE Global Telecommunications Conf.}}

@string{hscc = {Proc. Hybrid Systems: Computation and Control}}

@string{ibm = {IBM Journal of Research and Development}}

@string{icas = {Int. Congress of Aeronautical Sciences}}

@string{iccad = {Proc. IEEE/ACM Int. Conf. Comput.-Aided Design}}

@string{iccd = {Proc. IEEE Int. Conf. Computer Design}}

@string{icses = {Proc. Int. Conf. Signals and Electronic Systems}}

@string{iedm = {Proc. IEEE Int. Electron Devices Meeting}}

@string{ieee = {Proc. IEEE}}

@string{ieee_j_casi = {{IEEE} Trans. Circuits Syst. {I}, Fundam. Theory Appl.}}

@string{ieee_j_casi_rp = {{IEEE} Trans. Circuits Syst. {I}, Reg. Papers}}

@string{ieee_j_casii = {{IEEE} Trans. Circuits Syst. {II}, Analog Digit. Signal Process.}}

@string{ieee_j_casii_eb = {{IEEE} Trans. Circuits Syst. {II}, Exp. Briefs}}

@string{ieee_j_its = {IEEE Trans. Intell. Transp. Syst.}}

@string{ieee_j_sensor = {{IEEE} Sensors J.}}

@string{ieice = {IEICE Trans. Electronics}}

@string{iscas = {Proc. IEEE Int. Symp. Circuits and Systems}}

@string{isscc = {IEEE Int. Solid-State Circuit Conf. Dig. Tech. Papers}}

@string{iwls = {Proc. Int. Workshop Layout Synthesis}}

@string{jssc = {IEEE J. Solid-State Circuits}}

@string{kluwer = {Kluwer Academic Publishers}}

@string{memocode = {Int. Conf. Formal Methods and Models for Co-Design}}

@string{mscas = {Midwest Symp. Circuits Syst.}}

@string{sies = {Proc. IEEE Symp. Industrial Embedded Systems}}

@string{tc = {IEEE Trans. Comput.}}

@string{tcad = {IEEE Trans. Comput.-Aided Design Integr. Circuits Syst.}}

@string{tcas = {IEEE Trans. Circuits Syst.}}

@string{tct = {IEEE Trans. Circuit Theory}}

@string{vlsi = {Symp. VLSI Circuits Dig. Tech. Papers}}

@string{STTT = {Int. J. Software Tools for Technology Transfer}}

@string{LICS = {Proc. IEEE Symp. Logic in Computer Science}}

@string{TACAS = {Proc. Int. Conf. Tools and Algorithms for the Construction and Analysis of Systems}}

@string{TAC = {IEEE Trans. Automatic Control}}

@article{Szegedy2013,
  title={Intriguing properties of neural networks},
  author={Szegedy, Christian and Zaremba, Wojciech and Sutskever, Ilya and Bruna, Joan and Erhan, Dumitru and Goodfellow, Ian and Fergus, Rob},
  journal={arXiv preprint arXiv:1312.6199},
  year={2013}
}

@inproceedings{Feldman16,
  title={A Cognitive Journey for Requirements Engineering},
  author={Feldman, Yishai A. and Broodney, Henry},
  booktitle={Ann. INCOSE Int. Symp.},
  year={2016},
  month = {Jul.}, 
  organization={INCOSE}
}

@article{Cimatti15b,
title = "Contracts-refinement proof system for component-based embedded systems ",
journal = "Science of Computer Programming ",
volume = "97, Part 3",
number = "",
pages = "333 -- 348",
year = "2015",
issn = "0167-6423",
author = "Alessandro Cimatti and Stefano Tonetta",
keywords = "Contract-based design",
keywords = "Temporal logics",
keywords = "Embedded systems",
keywords = "OCRA ",
}
% doi = "http://dx.doi.org/10.1016/j.scico.2014.06.011",
% url = "http://www.sciencedirect.com/science/article/pii/S0167642314002901",

@Article{Passerone2007,
author="Passerone, Roberto
and Burch, Jerry R.
and Sangiovanni-Vincentelli, Alberto L.",
title="Refinement preserving approximations for the design and verification of heterogeneous systems",
journal="Formal Methods in System Design",
year="2007",
month="Aug",
day="01",
volume="31",
number="1",
pages="1--33",
issn="1572-8102",
doi="10.1007/s10703-006-0024-z",
url="https://doi.org/10.1007/s10703-006-0024-z"
}
	


@article{Alur2006,
	Author = {Rajeev Alur and Thao Dang and Franjo Ivan{\v{c}}i{\'c}},
	Date-Added = {2014-10-20 15:35:36 +0200},
	Date-Modified = {2014-10-20 15:35:36 +0200},
	Doi = {10.1016/j.tcs.2005.11.026},
	Journal = {Theoretical Computer Science},
	Number = {2},
	Pages = {250--271},
	Title = {Counterexample-guided predicate abstraction of hybrid systems},
	Volume = {354},
	Year = {2006},
	Bdsk-Url-1 = {http://www.sciencedirect.com/science/article/pii/S0304397505008662},
	Bdsk-Url-2 = {http://dx.doi.org/10.1016/j.tcs.2005.11.026}}


	
@ARTICLE{Henzinger98,
author={Henzinger, T.A. and Pei-Hsin Ho and Wong-Toi, H.},
journal = TAC,
title={Algorithmic analysis of nonlinear hybrid systems},
year={1998},
month=apr,
volume={43},
number={4},
pages={540--554},
keywords={automata theory;continuous time systems;discrete time systems;ecology;formal verification;nonlinear systems;HYTECH symbolic model checker;clock translation;formal verification;linear hybrid automata;linear phase-portrait approximation;nonlinear hybrid systems;piecewise-constant polyhedral differential inclusions;predator-prey ecology;temperature controller;Algorithm design and analysis;Automata;Automatic control;Biological system modeling;Clocks;Environmental factors;Linear approximation;Nonlinear systems;Safety;Temperature control},
doi={10.1109/9.664156},
ISSN={0018-9286},}	



@article{Frehse2008,
	Author = {Frehse, G.},
	Date-Added = {2014-09-26 20:45:04 +0200},
	Date-Modified = {2014-09-26 20:45:04 +0200},
	Doi = {10.1007/s10009-007-0062-x},
	Issn = {1433-2779},
	Issue = {3},
	Journal = STTT,
	Keyword = {Computer Science},
	Pages = {263--279},
	Publisher = {Springer Berlin / Heidelberg},
	Title = {{PHAVer: algorithmic verification of hybrid systems past HyTech}},
	Volume = {10},
	Year = {2008},
	Bdsk-Url-1 = {http://dx.doi.org/10.1007/s10009-007-0062-x}}





@book{Clark99,
	Address = {Cambridge, MA},
	Author = {Clarke, E. M. and Grumberg, O. and Peled, D. A.},
	Publisher = {The {MIT} Press},
	Title = {Model Checking},
	Year = {2008}}


@article{Sangiovanni-Vincentelli2012a,
	Author = {Sangiovanni-Vincentelli, Alberto and Damm, Werner and Passerone, Roberto},
	Journal = {European Journal of Control},
	Number = {3},
	Pages = {217--238},
	Title = {{Taming Dr. Frankenstein: Contract-Based Design for Cyber-Physical Systems}},
	Volume = {18-3},
	Year = {2012}}



@article{Nuzzo2012,
	Author = {Nuzzo, P. and Sangiovanni-Vincentelli, A. and Sun, X. and Puggelli, A.},
	Journal = IEEE_J_SENSOR,
	Month = {Dec.},
	Number = {12},
	Pages = {3329--3345},
	Title = {Methodology for the Design of Analog Integrated Interfaces Using Contracts},
	Volume = {12},
	Year = {2012}}



@inproceedings{MalerN04,
	Author = {Oded Maler and Dejan Nickovic},
	Booktitle = {Formal Modeling and Analysis of Timed Systems},
	Pages = {152--166},
	Title = {Monitoring Temporal Properties of Continuous Signals},
	Year = {2004}}



@article{Nuzzo14,
	Author = {Nuzzo, P. and Huan Xu and Ozay, N. and Finn, J.B. and Sangiovanni-Vincentelli, A.L. and Murray, R.M. and Donz{\'e}, A. and Seshia, S.A.},
	Doi = {10.1109/ACCESS.2013.2295764},
	Issn = {2169-3536},
	Journal = {IEEE Access},
	Keywords = {CAD;aircraft;aircraft power systems;integer programming;linear programming;power engineering computing;temporal logic;Boolean variables;aircraft electric power system design;arithmetic constraints;compositional approach;contract-based methodology;control protocol;design space exploration;higher level behavioral model mapping;linear temporal logic;performance model mapping;signal temporal logic;system topology;virtual library components;Aircraft manufacture;Cyberphysical systems;Design automation;Design methodology;Power system stabilty;Design methodology;aircraft;contract-based design;control system synthesis;cyber-physical systems;design automation;platform-based design;power systems},
	Pages = {1-25},
	Title = {A Contract-Based Methodology for Aircraft Electric Power System Design},
	Volume = {2},
	Year = {2014},
	Bdsk-Url-1 = {http://dx.doi.org/10.1109/ACCESS.2013.2295764}}

@inproceedings{Iannopollo14,
	Author = {Iannopollo, A. and Nuzzo, P. and Tripakis, S. and Sangiovanni-Vincentelli, A. L.},
	Booktitle = DATE,
	Month = mar,
	Title = {Library-Based Scalable Refinement Checking for Contract-Based Design},
	Year = {2014}}

@inproceedings{pnueli,
	Author = {Pnueli, Amir},
	Booktitle = {Annual Symp. on Foundations of Computer Science},
	Month = nov,
	Pages = {46--57},
	Title = {The temporal logic of programs},
	Year = {1977}}



@inproceedings{piterman2006synthesis,
	Author = {Piterman, Nir and Pnueli, Amir and Sa'ar, Yaniv},
	Booktitle = {In Proc. Verification, Model Checking, and Abstract Interpretation},
	Pages = {364--380},
	Publisher = {Springer Berlin Heidelberg},
	Title = {Synthesis of reactive(1) designs},
	Year = {2006}}
	


@incollection{barrett-smtbookch09,
  author    = "Clark Barrett and Roberto Sebastiani and Sanjit A. Seshia and Cesare Tinelli",
  title     = "Satisfiability Modulo Theories",
  booktitle = "Handbook of Satisfiability",
  publisher = "IOS Press",
  volume    = 4,
  chapter   = 8,
  editor    = "Armin Biere and Hans van Maaren and Toby Walsh",
  year      = 2009,
}	



@inproceedings{Nuzzo2011,
	Author = {Nuzzo, Pierluigi and Sangiovanni-Vincentelli, Alberto},
	Booktitle = SIES,
	Month = {Jun.},
	Title = {Robustness in Analog Systems: Design Techniques, Methodologies and Tools},
	Year = {2011}}


	
@article{Nuzzo15b,
	Author = {Nuzzo, Pierluigi and Sangiovanni-Vincentelli, Alberto and Bresolin, Davide and Geretti, Luca and Villa, Tiziano},
	Journal = {Proc. IEEE},
	Month = {Nov.},
	Number = {11},
	Pages = {},
	Title = {A Platform-Based Design Methodology with Contracts and Related Tools for the 
	Design of Cyber-Physical Systems},
	Volume = {103},
	Year = {2015},
	}
	

@inproceedings{Dang10,
 author = {Dang, Thao and Maler, Oded and Testylier, Romain},
 title = {Accurate Hybridization of Nonlinear Systems},
 booktitle = HSCC,
 series = {HSCC '10},
 year = {2010},
 isbn = {978-1-60558-955-8},
 location = {Stockholm, Sweden},
 pages = {11--20},
 numpages = {10},
 url = {http://doi.acm.org/10.1145/1755952.1755956},
 doi = {10.1145/1755952.1755956},
 acmid = {1755956},
 publisher = {ACM},
 address = {New York, NY, USA},
 keywords = {non-linear systems, numerical analysis, reachability computation},
} 

@ARTICLE{Alur00,
author={Alur, R. and Henzinger, T.A. and Lafferriere, G. and Pappas, G.J.},
journal= IEEE,
title={Discrete abstractions of hybrid systems},
year={2000},
month={July},
volume={88},
number={7},
pages={971--984},
keywords={discrete systems;temporal logic;continuous dynamics;discrete abstractions;discrete systems;o-minimal hybrid systems;rectangular hybrid systems;temporal logic;timed hybrid systems;Automatic control;Communication system control;Control system synthesis;Control systems;Distributed control;Logic;Mathematical model;Real time systems;State-space methods;Vehicle dynamics},
doi={10.1109/5.871304},
ISSN={0018-9219},}

@ARTICLE{Chutinan01,
author={Chutinan, A. and Krogh, B.H.},
journal= TAC,
title={Verification of infinite-state dynamic systems using approximate quotient transition systems},
year={2001},
month={Sep},
volume={46},
number={9},
pages={1401--1410},
keywords={bisimulation equivalence;control system analysis computing;reachability analysis;state-space methods;temporal logic;approximate quotient transition systems;bisimulation;hybrid systems;infinite-state dynamic systems;reachability;state space;sufficient condition;temporal logic;Formal verification;Laboratories;Logic;Reachability analysis;State-space methods;Sufficient conditions;Tree graphs},
doi={10.1109/9.948467},
ISSN={0018-9286},}


@Article{ASV:ortho,
  author =   {Keutzer, K. and Malik, S. and Newton, R. and Rabaey, J. and Sangiovanni~Vincentelli, A.},
  title =    {{S}ystem {L}evel {D}esign: {O}rthogonalization of {C}oncerns and {P}latform-{B}ased {D}esign},
  journal =   TCAD,
  year =     {2000},
  pages = {1523--1543},
volume = {19},
number = {12}
}

@article{Malik09,
  title={Boolean satisfiability from theoretical hardness to practical success},
  author={Malik, Sharad and Zhang, Lintao},
  journal={Communications of the ACM},
  volume={52},
  number={8},
  pages={76--82},
  year={2009},
  publisher={ACM}
}



@inproceedings{Nuzzo17,
title={{CHASE: Contract-Based Requirement Engineering for Cyber-Physical System Design}},
author={P.~Nuzzo and M.~Lora and Y.~Feldman and A.~Sangiovanni-Vincentelli},
year=2017,
note={Submitted},
}

@inproceedings{Kirov17,
  title={{ArchEx}: An Extensible Framework for the Exploration of Cyber-Physical System Architectures},
  author={Kirov, Dmitrii and Nuzzo, Pierluigi and Passerone, Roberto and Sangiovanni-Vincentelli, Alberto},
  booktitle=date,
  pages={31},
  year={2017},
  organization={ACM}
}

@inproceedings{Finn15,
	Author = {Finn, J. and Nuzzo, P. and Sangiovanni-Vincentelli, A.},
	Booktitle = iccad,
	Month = nov,
	Title = {A Mixed Discrete-Continuous Optimization Scheme for Cyber-Physical 
	System Architecture Exploration},
	Year = {2015},
	}

@article{Li17,
  title={Stochastic Assume-Guarantee Contracts for Cyber-Physical System Design Under Probabilistic Requirements},
  author={Li, Jiwei and Nuzzo, Pierluigi and Sangiovanni-Vincentelli, Alberto and Xi, Yugeng and Li, Dewei},
  journal={arXiv preprint arXiv:1705.09316},
  year={2017}
}

@inproceedings{Shoukry2017,
  title={{SMC}: Satisfiability modulo convex optimization},
  author={Shoukry, Yasser and Nuzzo, Pierluigi and Sangiovanni-Vincentelli, Alberto L and Seshia, Sanjit A and Pappas, George J and Tabuada, Paulo},
  booktitle=hscc,
  pages={19--28},
  year={2017},
}

@article{Blum97,
  title={Selection of relevant features and examples in machine learning},
  author={Blum, Avrim L and Langley, Pat},
  journal={Artificial intelligence},
  volume={97},
  number={1},
  pages={245--271},
  year={1997},
  publisher={Elsevier}
}

@inproceedings{Jia14,
  title={Caffe: Convolutional architecture for fast feature embedding},
  author={Jia, Yangqing and Shelhamer, Evan and Donahue, Jeff and Karayev, Sergey and Long, Jonathan and Girshick, Ross and Guadarrama, Sergio and Darrell, Trevor},
  booktitle={Proceedings of the 22nd ACM international conference on Multimedia},
  pages={675--678},
  year={2014},
  organization={ACM}
}

@book{Michalski13,
  title={Machine learning: An artificial intelligence approach},
  author={Michalski, Ryszard S and Carbonell, Jaime G and Mitchell, Tom M},
  year={2013},
  publisher={Springer Science \& Business Media}
}


@inproceedings{Cousot77,
  author = "Patrick Cousot and Radhia Cousot",
  title = "Abstract Interpretation: a unified lattice model for static analysis 
           of programs by construction or approximation of fixpoints",
  booktitle =  "POPL",
  organization = "ACM",
  year = "1977",
  pages = "238--252"}
  
@book{Milner89,
 author = {Milner, R.},
 title = {Communication and Concurrency},
 year = {1989},
 isbn = {0131149849},
 publisher = {Prentice-Hall, Inc.}
} 

@incollection{Rosu08,
 author = {Rosu, Grigore and Chen, Feng and Ball, Thomas},
 chapter = {Synthesizing Monitors for Safety Properties: This Time with Calls and Returns},
 title = {Runtime Verification},
 editor = {Leucker, Martin},
 year = {2008},
 pages = {51--68},
 publisher = {Springer-Verlag}
} 

@article{Havelund04,
 author = {Havelund, Klaus and Rosu, Grigore},
 title = {Efficient Monitoring of Safety Properties},
 journal = {Int. J. Softw. Tools Technol. Transf.},
 volume = {6},
 number = {2},
 month = aug,
 year = {2004},
 pages = {158--173},
 publisher = {Springer-Verlag}
} 

@misc{2017OpenModelica,
    title = {{OpenModelica}},
    year = {2017},
    url = {https://www.openmodelica.org/}
}

@misc{2017WolframAnalysis,
    title = {{Wolfram SystemModeler: Modeling, Simulation {\&}amp; Analysis}},
    year = {2017},
    url = {http://www.wolfram.com/system-modeler/}
}

@misc{2017MapleSimSoftware,
    title = {{MapleSim - High Performance Physical Modeling and Simulation - Technical Computing Software}},
    year = {2017},
    url = {https://www.maplesoft.com/products/maplesim/}
}


@misc{2017DymolaSimulation,
    title = {{Dymola - Multi-Engineering Modeling and Simulation}},
    year = {2017},
    url = {https://www.3ds.com/products-services/catia/products/dymola/}
}

@misc{2017SimscapeSimulink,
    title = {{Simscape - Physical Systems Simulation - MATLAB {\&}amp; Simulink}},
    year = {2017},
    url = {https://www.mathworks.com/products/simscape.html}
}

@inproceedings{Goodfellow2015Cypress:Systems,
    title = {{Cypress: A Testbed for Research in Networked Cyber-Physical Systems}},
    year = {2015},
    booktitle = {10th International Conference on Testbeds and Research Infrastructures for the Developemnt of Networks and Communicites (TRIDENTCOM)},
    author = {Goodfellow, Ryan and Kline, Erik},
    address = {Vancouver, Canada}
}

@inproceedings{Benzel2011TheExperimentation,
    title = {{The science of cyber security experimentation}},
    year = {2011},
    booktitle = {Proceedings of the 27th Annual Computer Security Applications Conference on - ACSAC '11},
    author = {Benzel, Terry},
    month = {12},
    pages = {137},
    publisher = {ACM Press},
    url = {http://dl.acm.org/citation.cfm?id=2076732.2076752},
    address = {New York, New York, USA},
    isbn = {9781450306720},
    doi = {10.1145/2076732.2076752},
    keywords = {cyber-security, experimental research, testbed}
}

@article{Gupta2011DieCast,
    title = {{DieCast}},
    year = {2011},
    journal = {ACM Transactions on Computer Systems},
    author = {Gupta, Diwaker and Vishwanath, Kashi Venkatesh and McNett, Marvin and Vahdat, Amin and Yocum, Ken and Snoeren, Alex and Voelker, Geoffrey M.},
    number = {2},
    month = {5},
    pages = {1--48},
    volume = {29},
    publisher = {ACM},
    url = {http://dl.acm.org/citation.cfm?id=1963559.1963560},
    doi = {10.1145/1963559.1963560},
    issn = {07342071},
    keywords = {Virtualization, Xen, network emulation}
}

@inproceedings{Lee2014IntegratedDilation,
    title = {{Integrated simulation and emulation using adaptive time dilation}},
    year = {2014},
    booktitle = {Proceedings of the 2nd ACM SIGSIM/PADS conference on Principles of advanced discrete simulation - SIGSIM-PADS '14},
    author = {Lee, Hee Won and Thuente, David and Sichitiu, Mihail L.},
    month = {5},
    pages = {167--178},
    publisher = {ACM Press},
    url = {http://dl.acm.org/citation.cfm?id=2601381.2601384},
    address = {New York, New York, USA},
    isbn = {9781450327947},
    doi = {10.1145/2601381.2601384},
    keywords = {KVM, emulation, ns-3, simulation, time dilation, virtualization}
}

@article{Gear1971SimultaneousEquations,
    title = {{Simultaneous Numerical Solution of Differential-Algebraic Equations}},
    year = {1971},
    journal = {IEEE Transactions on Circuit Theory},
    author = {Gear, C.},
    number = {1},
    pages = {89--95},
    volume = {18},
    url = {http://ieeexplore.ieee.org/document/1083221/},
    doi = {10.1109/TCT.1971.1083221},
    issn = {0018-9324}
}

@article{Petzold1982Differential/AlgebraicS,
    title = {{Differential/Algebraic Equations are not ODE’ s}},
    year = {1982},
    journal = {SIAM Journal on Scientific and Statistical Computing},
    author = {Petzold, Linda},
    number = {3},
    month = {9},
    pages = {367--384},
    volume = {3},
    publisher = {Society for Industrial and Applied Mathematics},
    url = {http://epubs.siam.org/doi/10.1137/0903023},
    doi = {10.1137/0903023},
    issn = {0196-5204},
    keywords = {backward differentiation formulas, error estimates, numerical methods, ordinary differential equations, singular differential systems, stiff}
}

@article{Brown1994,
    title = {{Using Krylov Methods in the Solution of Large-Scale Differential-Algebraic Systems}},
    year = {1994},
    journal = {SIAM Journal on Scientific Computing},
    author = {Brown, Peter N. and Hindmarsh, Alan C. and Petzold, Linda R.},
    number = {6},
    month = {11},
    pages = {1467--1488},
    volume = {15},
    publisher = {Society for Industrial and Applied Mathematics},
    url = {http://epubs.siam.org/doi/abs/10.1137/0915088},
    doi = {10.1137/0915088},
    issn = {1064-8275},
    keywords = {65L05, Krylov methods, differential-algebraic systems},
    language = {en}
}

@article{Marz1992NumericalEquations,
    title = {{Numerical methods for differential algebraic equations}},
    year = {1992},
    journal = {Acta Numerica},
    author = {M{\"{a}}rz, Roswitha},
    month = {1},
    pages = {141},
    volume = {1},
    publisher = {Cambridge University Press},
    url = {http://www.journals.cambridge.org/abstract_S0962492900002269},
    doi = {10.1017/S0962492900002269},
    issn = {0962-4929}
}

@book{Lamour2013,
    title = {{Differential-Algebraic Equations: A Projector Based Analysis}},
    year = {2013},
    author = {Lamour, René and M{\"{a}}rz, Roswitha and Tischendorf, Caren},
    publisher = {Springer Berlin Heidelberg},
    url = {http://link.springer.com/10.1007/978-3-642-27555-5},
    address = {Berlin, Heidelberg},
    isbn = {978-3-642-27554-8},
    doi = {10.1007/978-3-642-27555-5}
}

@book{Kunkel2006Differential-AlgebraicSolution,
    title = {{Differential-Algebraic Equations: Analysis and Numerical Solution}},
    year = {2006},
    author = {Kunkel, P and Mehrmann, V},
    url = {http://www.ems-ph.org/books/book.php?proj_nr=36&srch=browse_authors%7CKunkel%2C+Peter}
}
@book{Brenan1995NumericalEquations,
    title = {{Numerical solution of initial-value problems in differential-algebraic equations}},
    year = {1995},
    author = {Brenan, KE and Campbell, SL and Petzold, LR},
    url = {http://epubs.siam.org/doi/pdf/10.1137/1.9781611971224.bm}
}

@article{Petzold1982Differential/AlgebraicS,
    title = {{Differential/Algebraic Equations are not ODE’ s}},
    year = {1982},
    journal = {SIAM Journal on Scientific and Statistical Computing},
    author = {Petzold, Linda},
    number = {3},
    month = {9},
    pages = {367--384},
    volume = {3},
    publisher = {Society for Industrial and Applied Mathematics},
    url = {http://epubs.siam.org/doi/10.1137/0903023},
    doi = {10.1137/0903023},
    issn = {0196-5204},
    keywords = {backward differentiation formulas, error estimates, numerical methods, ordinary differential equations, singular differential systems, stiff}
}

@incollection{Berger2013ControllabilitySurvey,
    title = {{Controllability of Linear Differential-Algebraic Systems—A Survey}},
    year = {2013},
    booktitle = {Surveys in Differential-Algebraic Equations I},
    author = {Berger, Thomas and Reis, Timo},
    pages = {1--61},
    publisher = {Springer Berlin Heidelberg},
    url = {http://link.springer.com/10.1007/978-3-642-34928-7_1},
    address = {Berlin, Heidelberg},
    doi = {10.1007/978-3-642-34928-7{\_}1}
}

@article{Ilchmann2005ATheory,
    title = {{A Behavioral Approach to Time-Varying Linear Systems. Part 1: General Theory}},
    year = {2005},
    journal = {SIAM Journal on Control and Optimization},
    author = {Ilchmann, Achim and Mehrmann, Volker},
    number = {5},
    month = {1},
    pages = {1725--1747},
    volume = {44},
    publisher = {Society for Industrial and Applied Mathematics},
    url = {http://epubs.siam.org/doi/10.1137/S0363012904442239},
    doi = {10.1137/S0363012904442239},
    issn = {0363-0129},
    keywords = {93B11, 93B36, 93B40, adjoint system, autonomous system, behavioral approach, controllability, latent variables, observability, time-varying linear systems}
}

@article{BergerOnSystems,
    title = {{On Differential-Algebraic Control Systems}},
    author = {Berger, Thomas and Ilchmann, Achim and Thomas Hotz, Jun-Prof and Mehrmann, Volker},
    url = {http://www.math.uni-hamburg.de/home/berger/DissBerger-14pt-131028.pdf},
    keywords = {()}
}

@article{Petzold1982ASolver,
    title = {{A description of DASSL: A differential/algebraic system solver}},
    year = {1982},
    journal = {Scientific computing},
    author = {Petzold, LR},
    url = {https://www.researchgate.net/profile/Linda_Petzold/publication/230873291_A_Description_of_DASSL_a_DifferentialAlgebraic_Equation_System_Solver/links/542d8e2e0cf27e39fa943c11.pdf}
}

@article{Kalra16,
  title={Driving to safety: How many miles of driving would it take to demonstrate autonomous vehicle reliability?},
  author={Kalra, Nidhi and Paddock, Susan M},
  journal={Transportation Research Part A: Policy and Practice},
  volume={94},
  pages={182--193},
  year={2016},
  publisher={Elsevier}
}

@book{Ioannou96,
  title={Robust adaptive control},
  author={Ioannou, Petros A and Sun, Jing},
  volume={1},
  year={1996},
  publisher={PTR Prentice-Hall Upper Saddle River, NJ}
}

@article{Ioannou94,
  title={THROTTLE AND BRAKE CONTROL SYSTEMS FOR AUTOMATIC VEHICLE FOLLOWING},
  author={Ioannou, P and Xu, Z},
  journal={Journal of Intelligent Transportation Systems},
  volume={1},
  number={4},
  pages={345--377},
  year={1994},
  publisher={Taylor \& Francis}
}

@article{Kanaris01,
  title={Strategies and spacing requirements for lane changing and merging in automated highway systems},
  author={Kanaris, Alexander and Kosmatopoulos, Elias B and Loannou, Petros A},
  journal={IEEE transactions on vehicular technology},
  volume={50},
  number={6},
  pages={1568--1581},
  year={2001},
  publisher={IEEE}
}

@proceedings{DBLP:conf/vmcai/2006,
  editor    = {E. Allen Emerson and
               Kedar S. Namjoshi},
  title     = {Verification, Model Checking, and Abstract Interpretation, 7th International
               Conference, {VMCAI} 2006, Charleston, SC, USA, January 8-10, 2006,
               Proceedings},
  series    = {Lecture Notes in Computer Science},
  volume    = {3855},
  publisher = {Springer},
  year      = {2006},
  url       = {https://doi.org/10.1007/11609773},
  doi       = {10.1007/11609773},
  isbn      = {3-540-31139-4},
  timestamp = {Tue, 30 May 2017 16:36:53 +0200},
  biburl    = {http://dblp.uni-trier.de/rec/bib/conf/vmcai/2006},
  bibsource = {dblp computer science bibliography, http://dblp.org}
}

@inproceedings{DBLP:conf/vmcai/SankaranarayananCSM06,
  author    = {Sriram Sankaranarayanan and
               Michael Col{\'{o}}n and
               Henny B. Sipma and
               Zohar Manna},
  title     = {Efficient Strongly Relational Polyhedral Analysis},
  booktitle = {Verification, Model Checking, and Abstract Interpretation, 7th International
               Conference, {VMCAI} 2006, Charleston, SC, USA, January 8-10, 2006,
               Proceedings},
  pages     = {111--125},
  year      = {2006},
  crossref  = {DBLP:conf/vmcai/2006},
  url       = {https://doi.org/10.1007/11609773_8},
  doi       = {10.1007/11609773_8},
  timestamp = {Tue, 30 May 2017 16:36:53 +0200},
  biburl    = {http://dblp.uni-trier.de/rec/bib/conf/vmcai/SankaranarayananCSM06},
  bibsource = {dblp computer science bibliography, http://dblp.org}
}

@proceedings{DBLP:conf/vmcai/2005,
  editor    = {Radhia Cousot},
  title     = {Verification, Model Checking, and Abstract Interpretation, 6th International
               Conference, {VMCAI} 2005, Paris, France, January 17-19, 2005, Proceedings},
  series    = {Lecture Notes in Computer Science},
  volume    = {3385},
  publisher = {Springer},
  year      = {2005},
  url       = {https://doi.org/10.1007/b105073},
  doi       = {10.1007/b105073},
  isbn      = {3-540-24297-X},
  timestamp = {Tue, 30 May 2017 16:36:53 +0200},
  biburl    = {http://dblp.uni-trier.de/rec/bib/conf/vmcai/2005},
  bibsource = {dblp computer science bibliography, http://dblp.org}
}
@inproceedings{DBLP:conf/vmcai/SankaranarayananSM05,
  author    = {Sriram Sankaranarayanan and
               Henny B. Sipma and
               Zohar Manna},
  title     = {Scalable Analysis of Linear Systems Using Mathematical Programming},
  booktitle = {Verification, Model Checking, and Abstract Interpretation, 6th International
               Conference, {VMCAI} 2005, Paris, France, January 17-19, 2005, Proceedings},
  pages     = {25--41},
  year      = {2005},
  crossref  = {DBLP:conf/vmcai/2005},
  url       = {https://doi.org/10.1007/978-3-540-30579-8_2},
  doi       = {10.1007/978-3-540-30579-8_2},
  timestamp = {Tue, 30 May 2017 16:36:53 +0200},
  biburl    = {http://dblp.uni-trier.de/rec/bib/conf/vmcai/SankaranarayananSM05},
  bibsource = {dblp computer science bibliography, http://dblp.org}
}

@proceedings{DBLP:conf/popl/2004,
  editor    = {Neil D. Jones and
               Xavier Leroy},
  title     = {Proceedings of the 31st {ACM} {SIGPLAN-SIGACT} Symposium on Principles
               of Programming Languages, {POPL} 2004, Venice, Italy, January 14-16,
               2004},
  publisher = {{ACM}},
  year      = {2004},
  url       = {http://dl.acm.org/citation.cfm?id=964001},
  isbn      = {1-58113-729-X},
  timestamp = {Tue, 22 May 2012 15:24:56 +0200},
  biburl    = {http://dblp.uni-trier.de/rec/bib/conf/popl/2004},
  bibsource = {dblp computer science bibliography, http://dblp.org}
}
@inproceedings{DBLP:conf/popl/SankaranarayananSM04,
  author    = {Sriram Sankaranarayanan and
               Henny Sipma and
               Zohar Manna},
  title     = {Non-linear loop invariant generation using Gr{\"{o}}bner bases},
  booktitle = {Proceedings of the 31st {ACM} {SIGPLAN-SIGACT} Symposium on Principles
               of Programming Languages, {POPL} 2004, Venice, Italy, January 14-16,
               2004},
  pages     = {318--329},
  year      = {2004},
  crossref  = {DBLP:conf/popl/2004},
  url       = {http://doi.acm.org/10.1145/964001.964028},
  doi       = {10.1145/964001.964028},
  timestamp = {Tue, 22 May 2012 15:24:56 +0200},
  biburl    = {http://dblp.uni-trier.de/rec/bib/conf/popl/SankaranarayananSM04},
  bibsource = {dblp computer science bibliography, http://dblp.org}
}

@article{DBLP:journals/acta/Karr76,
  author    = {Michael Karr},
  title     = {Affine Relationships Among Variables of a Program},
  journal   = {Acta Inf.},
  volume    = {6},
  pages     = {133--151},
  year      = {1976},
  url       = {https://doi.org/10.1007/BF00268497},
  doi       = {10.1007/BF00268497},
  timestamp = {Sun, 28 May 2017 13:22:46 +0200},
  biburl    = {http://dblp.uni-trier.de/rec/bib/journals/acta/Karr76},
  bibsource = {dblp computer science bibliography, http://dblp.org}
}

@proceedings{DBLP:conf/popl/1978,
  editor    = {Alfred V. Aho and
               Stephen N. Zilles and
               Thomas G. Szymanski},
  title     = {Conference Record of the Fifth Annual {ACM} Symposium on Principles
               of Programming Languages, Tucson, Arizona, USA, January 1978},
  publisher = {{ACM} Press},
  year      = {1978},
  url       = {http://dl.acm.org/citation.cfm?id=512760},
  timestamp = {Mon, 21 May 2012 16:19:50 +0200},
  biburl    = {http://dblp.uni-trier.de/rec/bib/conf/popl/1978},
  bibsource = {dblp computer science bibliography, http://dblp.org}
}
@inproceedings{DBLP:conf/popl/CousotH78,
  author    = {Patrick Cousot and
               Nicolas Halbwachs},
  title     = {Automatic Discovery of Linear Restraints Among Variables of a Program},
  booktitle = {Conference Record of the Fifth Annual {ACM} Symposium on Principles
               of Programming Languages, Tucson, Arizona, USA, January 1978},
  pages     = {84--96},
  year      = {1978},
  crossref  = {DBLP:conf/popl/1978},
  url       = {http://doi.acm.org/10.1145/512760.512770},
  doi       = {10.1145/512760.512770},
  timestamp = {Mon, 21 May 2012 16:19:51 +0200},
  biburl    = {http://dblp.uni-trier.de/rec/bib/conf/popl/CousotH78},
  bibsource = {dblp computer science bibliography, http://dblp.org}
}