@book{basseville1993detection,
  title={Detection of abrupt changes: theory and application},
  author={Basseville, Mich{\`e}le and Nikiforov, Igor V and others},
  volume={104},
  year={1993},
  publisher={Prentice Hall Englewood Cliffs}
}

@book{gustafsson2000adaptive,
  title={Adaptive filtering and change detection},
  author={Gustafsson, Fredrik and Gustafsson, Fredrik},
  volume={1},
  year={2000},
  publisher={Citeseer}
}

@book{brodsky2013nonparametric,
  title={Nonparametric methods in change point problems},
  author={Brodsky, E and Darkhovsky, Boris S},
  volume={243},
  year={2013},
  publisher={Springer Science \& Business Media}
}

@article{aminikhanghahi2016survey,
  title={A survey of methods for time series change point detection},
  author={Aminikhanghahi, Samaneh and Cook, Diane J},
  journal={Knowledge and Information Systems},
  pages={1--29},
  year={2016},
  publisher={Springer}
}

@article{dereszynski2012probabilistic,
  title={Probabilistic models for anomaly detection in remote sensor data streams},
  author={Dereszynski, Ethan W and Dietterich, Thomas G},
  journal={arXiv preprint arXiv:1206.5250},
  year={2012}
}

@inproceedings{dietterich2012machine,
  title={Machine learning for computational sustainability.},
  author={Dietterich, Thomas G and Dereszynski, Ethan W and Hutchinson, Rebecca A and Sheldon, Daniel R},
  booktitle={IGCC},
  pages={1},
  year={2012}
}

@article{dereszynski2011spatiotemporal,
  title={Spatiotemporal models for data-anomaly detection in dynamic environmental monitoring campaigns},
  author={Dereszynski, Ethan W and Dietterich, Thomas G},
  journal={ACM Transactions on Sensor Networks (TOSN)},
  volume={8},
  number={1},
  pages={3},
  year={2011},
  publisher={ACM}
}
