@inproceedings{mao2012runtime,
  title={Runtime monitoring for cyber-physical Systems: a case study of cooperative adaptive cruise control},
  author={Mao, Jianhui and Chen, Liqian},
  booktitle={Intelligent System Design and Engineering Application (ISDEA), 2012 Second International Conference on},
  pages={509--515},
  year={2012},
  organization={IEEE}
}
@inproceedings{han2013excharon,
  title={Excharon: Improved modeling language for cyber-physical systems based on charon},
  author={Han, Younghun and Kang, Sungwon and Kim, Jinhyun},
  booktitle={Computational Science and Engineering (CSE), 2013 IEEE 16th International Conference on},
  pages={734--741},
  year={2013},
  organization={IEEE}
}
@inproceedings{rajkumar2010cyber,
  title={Cyber-physical systems: the next computing revolution},
  author={Rajkumar, Ragunathan Raj and Lee, Insup and Sha, Lui and Stankovic, John},
  booktitle={Proceedings of the 47th Design Automation Conference},
  pages={731--736},
  year={2010},
  organization={ACM}
}
@inproceedings{kushwaha2007oasis,
  title={Oasis: A programming framework for service-oriented sensor networks},
  author={Kushwaha, Manish and Amundson, Isaac and Koutsoukos, Xenofon and Neema, Sandeep and Sztipanovits, Janos},
  booktitle={Communication systems software and middleware, 2007. comsware 2007. 2nd international conference on},
  pages={1--8},
  year={2007},
  organization={IEEE}
}
@article{jiao2000towards,
  title={Towards efficient monitoring, Selected Areas in Communications},
  author={Jiao, J and Naqvi, S and Sugla, B},
  journal={IEEE Journal},
  volume={18},
  year={2000}
}
@article{palpanas2003distributed,
  title={Distributed deviation detection in sensor networks},
  author={Palpanas, Themistoklis and Papadopoulos, Dimitris and Kalogeraki, Vana and Gunopulos, Dimitrios},
  journal={ACM SIGMOD Record},
  volume={32},
  number={4},
  pages={77--82},
  year={2003},
  publisher={ACM}
}


@book{basseville1993detection,
  title={Detection of abrupt changes: theory and application},
  author={Basseville, Mich{\`e}le and Nikiforov, Igor V and others},
  volume={104},
  year={1993},
  publisher={Prentice Hall Englewood Cliffs}
}

@book{gustafsson2000adaptive,
  title={Adaptive filtering and change detection},
  author={Gustafsson, Fredrik and Gustafsson, Fredrik},
  volume={1},
  year={2000},
  publisher={Citeseer}
}

@book{brodsky2013nonparametric,
  title={Nonparametric methods in change point problems},
  author={Brodsky, E and Darkhovsky, Boris S},
  volume={243},
  year={2013},
  publisher={Springer Science \& Business Media}
}

@article{aminikhanghahi2016survey,
  title={A survey of methods for time series change point detection},
  author={Aminikhanghahi, Samaneh and Cook, Diane J},
  journal={Knowledge and Information Systems},
  pages={1--29},
  year={2016},
  publisher={Springer}
}

@article{dereszynski2012probabilistic,
  title={Probabilistic models for anomaly detection in remote sensor data streams},
  author={Dereszynski, Ethan W and Dietterich, Thomas G},
  journal={arXiv preprint arXiv:1206.5250},
  year={2012}
}

@inproceedings{dietterich2012machine,
  title={Machine learning for computational sustainability.},
  author={Dietterich, Thomas G and Dereszynski, Ethan W and Hutchinson, Rebecca A and Sheldon, Daniel R},
  booktitle={IGCC},
  pages={1},
  year={2012}
}

@article{dereszynski2011spatiotemporal,
  title={Spatiotemporal models for data-anomaly detection in dynamic environmental monitoring campaigns},
  author={Dereszynski, Ethan W and Dietterich, Thomas G},
  journal={ACM Transactions on Sensor Networks (TOSN)},
  volume={8},
  number={1},
  pages={3},
  year={2011},
  publisher={ACM}
}

@incollection{naeem2010automatic,
  title={An automatic collision avoidance strategy for unmanned surface vehicles},
  author={Naeem, Wasif and Irwin, George W},
  booktitle={Life System Modeling and Intelligent Computing},
  pages={184--191},
  year={2010},
  publisher={Springer}
}
@book{gama2010knowledge,
  title={Knowledge discovery from data streams},
  author={Gama, Joao},
  year={2010},
  publisher={CRC Press}
}
@inproceedings{bifet2007learning,
  title={Learning from time-changing data with adaptive windowing},
  author={Bifet, Albert and Gavalda, Ricard},
  booktitle={Proceedings of the 2007 SIAM International Conference on Data Mining},
  pages={443--448},
  year={2007},
  organization={SIAM}
}
@inproceedings{chan1999efficient,
  title={Efficient time series matching by wavelets},
  author={Chan, Kin-Pong and Fu, Ada Wai-Chee},
  booktitle={Data Engineering, 1999. Proceedings., 15th International Conference on},
  pages={126--133},
  year={1999},
  organization={IEEE}
}
@book{witten2016data,
  title={Data Mining: Practical machine learning tools and techniques},
  author={Witten, Ian H and Frank, Eibe and Hall, Mark A and Pal, Christopher J},
  year={2016},
  publisher={Morgan Kaufmann}
}
@inproceedings{Wang:2003:MCD:956750.956778,
 author = {Wang, Haixun and Fan, Wei and Yu, Philip S. and Han, Jiawei},
 title = {Mining Concept-drifting Data Streams Using Ensemble Classifiers},
 booktitle = {Proceedings of the Ninth ACM SIGKDD International Conference on Knowledge Discovery and Data Mining},
 series = {KDD '03},
 year = {2003},
 isbn = {1-58113-737-0},
 location = {Washington, D.C.},
 pages = {226--235},
 numpages = {10},
 url = {http://doi.acm.org/10.1145/956750.956778},
 doi = {10.1145/956750.956778},
 acmid = {956778},
 publisher = {ACM},
 address = {New York, NY, USA},
 keywords = {classifier, classifier ensemble, concept drift, data streams},
} 

@book{quionero2009dataset,
  title={Dataset shift in machine learning},
  author={Quionero-Candela, Joaquin and Sugiyama, Masashi and Schwaighofer, Anton and Lawrence, Neil D},
  year={2009},
  publisher={The MIT Press}
}

@INPROCEEDINGS{Ostafew2013, 
author={C. J. Ostafew and A. P. Schoellig and T. D. Barfoot}, 
booktitle={2013 IEEE/RSJ International Conference on Intelligent Robots and Systems}, 
title={Visual teach and repeat, repeat, repeat: Iterative Learning Control to improve mobile robot path tracking in challenging outdoor environments}, 
year={2013}, 
volume={}, 
number={}, 
pages={176-181}, 
keywords={PI control;feedforward;iterative methods;learning systems;linearisation techniques;mobile robots;path planning;robot dynamics;robot vision;GPS-denied extreme environments;ILC;challenging outdoor environments;feedback-linearized path-tracking controller;feedforward proportional iterative learning control algorithm;four-wheeled 50 kg robot;global localization system;iterative learning control;mobile robot path tracking;navigation system;path-repeating mobile robot controller;path-tracking errors;sandy turns;steep hills;terrain challenges;unmodelled robot dynamics;vision-based mapping;visual teach;Feedforward neural networks;Heuristic algorithms;Mobile robots;Navigation;Robot kinematics;Visualization}, 
doi={10.1109/IROS.2013.6696350}, 
ISSN={2153-0858}, 
month={Nov},}

@INPROCEEDINGS{Greytak2009, 
author={M. Greytak and F. Hover}, 
booktitle={2009 International Conference on Information and Automation}, 
title={Planning to learn: Integrating model learning into a trajectory planner for mobile robots}, 
year={2009}, 
volume={}, 
number={}, 
pages={18-23}, 
keywords={collision avoidance;intelligent robots;learning (artificial intelligence);mobile robots;learning algorithm;learning rate;mission-specific learning;mobile robots;modeling errors;online model learning;planning algorithm;robot trajectory;tracking errors;trajectory planner;Convergence;Cost function;Mobile robots;Motion planning;Orbital robotics;Path planning;Robotics and automation;Simultaneous localization and mapping;State-space methods;Trajectory}, 
doi={10.1109/ICINFA.2009.5204888}, 
ISSN={}, 
month={June},}

@ARTICLE{Wu2011, 
author={P. P. Y. Wu and D. Campbell and T. Merz}, 
journal={IEEE Transactions on Systems, Man, and Cybernetics, Part B (Cybernetics)}, 
title={Multi-Objective Four-Dimensional Vehicle Motion Planning in Large Dynamic Environments}, 
year={2011}, 
volume={41}, 
number={3}, 
pages={621-634}, 
keywords={aircraft control;cost optimal control;mobile robots;path planning;remotely operated vehicles;search problems;velocity control;UAV flight planning;autonomous unmanned aerial vehicles;connected linear tracks;cost optimal solution;grid-based cell sequence;large dynamic environments;multiobjective four-dimensional vehicle motion planning;multiple decision criteria;multiresolution memory-efficient lattice sampling structure;multistep A*;search algorithm;velocity trajectory;Motion segmentation;Planning;Tracking;Trajectory;Unmanned aerial vehicles;Vehicle dynamics;Heuristic algorithms;multi-objective decision making;path planning;unmanned aerial vehicles (UAVs);Algorithms;Artificial Intelligence;Computer Simulation;Decision Support Techniques;Ecosystem;Models, Theoretical;Motor Vehicles;Pattern Recognition, Automated;Robotics}, 
doi={10.1109/TSMCB.2010.2061225}, 
ISSN={1083-4419}, 
month={June},}

@ARTICLE{Jennings2013, 
author={A. L. Jennings and R. Ordóñez}, 
journal={IEEE Transactions on Cybernetics}, 
title={Unbounded Motion Optimization by Developmental Learning}, 
year={2013}, 
volume={43}, 
number={4}, 
pages={1178-1188}, 
keywords={electric motors;gradient methods;interpolation;learning (artificial intelligence);mobile robots;optimisation;regression analysis;splines (mathematics);starting;LWR;autonomous motion development;complexity management;cubic spline interpolation;developmental learning;expected outcome prediction;function optimization;gradient information;incremental improvement support;initial learning stages;locally weighted regression;memory-based model;motor starting;peak current;robotics;unbounded motion optimization;unbounded waveform resolution;voltage profile learning;Complexity theory;Eigenvalues and eigenfunctions;Interpolation;Learning systems;Optimization;Splines (mathematics);Vectors;Artificial intelligence;function approximation;learning;motor skill development;optimization;polynomial approximation;robotics}, 
doi={10.1109/TSMCB.2012.2226026}, 
ISSN={2168-2267}, 
month={Aug},}

@INPROCEEDINGS{Webb2014, 
author={D. J. Webb and K. L. Crandall and J. van den Berg}, 
booktitle={2014 IEEE International Conference on Robotics and Automation (ICRA)}, 
title={Online parameter estimation via real-time replanning of continuous Gaussian POMDPs}, 
year={2014}, 
volume={}, 
number={}, 
pages={5998-6005}, 
keywords={Gaussian processes;Markov processes;mobile robots;motion control;parameter estimation;path planning;continuous Gaussian POMDPs;motion planning;online parameter estimation;partially-observable Markov decision process;real-time replanning;robot behavior;Aerospace electronics;Kalman filters;Planning;Real-time systems;Robots;Trajectory;Yttrium}, 
doi={10.1109/ICRA.2014.6907743}, 
ISSN={1050-4729}, 
month={May},}

@INPROCEEDINGS{Senanayake2017, 
author={R. Senanayake and S. O'Callaghan and F. Ramos}, 
booktitle={2017 IEEE International Conference on Robotics and Automation (ICRA)}, 
title={Learning highly dynamic environments with stochastic variational inference}, 
year={2017}, 
volume={}, 
number={}, 
pages={2532-2539}, 
keywords={Gaussian processes;inference mechanisms;learning (artificial intelligence);mobile robots;path planning;remotely operated vehicles;statistical analysis;DGPOM;SVI;dynamic Gaussian process occupancy maps;navigation;neighborhood information;path planning;probabilistic estimation;spatially-continuous occupancy maps;stochastic variational inference;Computational modeling;Data models;Gaussian processes;Hidden Markov models;Roads;Robots;Vehicle dynamics}, 
doi={10.1109/ICRA.2017.7989294}, 
ISSN={}, 
month={May},}

@INPROCEEDINGS{Araujo1997, 
author={R. Araujo and A. T. de Almeida}, 
booktitle={Industrial Electronics, 1997. ISIE '97., Proceedings of the IEEE International Symposium on}, 
title={Path planning-by-learning with a Nomad 200 mobile robot}, 
year={1997}, 
volume={}, 
number={}, 
pages={779-784 vol.3}, 
keywords={control system analysis;learning (artificial intelligence);mobile robots;navigation;path planning;position control;Nomad 200 mobile robot;control performance;control simulation;indoor environment navigation;learning abilities;path planning-by-learning;sensor-based obstacle detection;straight-line motions;world model learning;Control systems;Educational robots;Indoor environments;Mobile robots;Navigation;Robot control;Robot programming;Robot sensing systems;Shape;System performance}, 
doi={10.1109/ISIE.1997.648638}, 
ISSN={}, 
month={Jul},}

@INPROCEEDINGS{Wilson2015, 
author={A. D. Wilson and T. D. Murphey}, 
booktitle={2015 IEEE International Conference on Robotics and Automation (ICRA)}, 
title={Maximizing fisher information using discrete mechanics and projection-based trajectory optimization}, 
year={2015}, 
volume={}, 
number={}, 
pages={2403-2409}, 
keywords={linearisation techniques;nonlinear control systems;optimisation;parameter estimation;robots;Cramer-Rao bound;continuous-time optimization algorithm;discrete mechanics formulation;dynamic robotic systems;fisher information maximization;model parameter estimation;nonlinear projection-based trajectory optimization algorithm;robot simulation;structured integration methods;structured linearization methods;suspended double pendulum;trajectory synthesis;Approximation methods;Heuristic algorithms;Kinematics;Mathematical model;Optimization;Robots;Trajectory}, 
doi={10.1109/ICRA.2015.7139519}, 
ISSN={1050-4729}, 
month={May},}


@ARTICLE{Bagnell2010, 
author={J. A. Bagnell and D. Bradley and D. Silver and B. Sofman and A. Stentz}, 
journal={IEEE Robotics Automation Magazine}, 
title={Learning for Autonomous Navigation}, 
year={2010}, 
volume={17}, 
number={2}, 
pages={74-84}, 
keywords={learning (artificial intelligence);mobile robots;path planning;Crusher;UGCV-perceptor integration program;autonomous navigation;autonomous outdoor mobile robot design;defense advanced research projects agency;machine learning techniques;robotics;safe autonomous traverse;Control systems;Defense industry;Electrical equipment industry;Industrial control;Machine learning;Mobile robots;Navigation;Remotely operated vehicles;Robustness;Service robots}, 
doi={10.1109/MRA.2010.936946}, 
ISSN={1070-9932}, 
month={June},}


@INPROCEEDINGS{Heinen2012, 
author={M. R. Heinen and P. M. Engel and R. C. Pinto}, 
booktitle={The 2012 International Joint Conference on Neural Networks (IJCNN)}, 
title={Using a Gaussian mixture neural network for incremental learning and robotics}, 
year={2012}, 
volume={}, 
number={}, 
pages={1-8}, 
keywords={Gaussian processes;learning (artificial intelligence);mobile robots;neurocontrollers;optimal control;regression analysis;Gaussian mixture neural network;IGMN;artificial neural network models;constructivist artificial intelligence;data flows;incremental Gaussian mixture network;incremental learning;incremental neural network model;memory-prediction framework;online control;optimal regression surface;robotics;Biological neural networks;Covariance matrix;Neurons;Robot sensing systems;Training;Trajectory}, 
doi={10.1109/IJCNN.2012.6252399}, 
ISSN={2161-4393}, 
month={June},}


@INPROCEEDINGS{Wilson2015_2, 
author={A. D. Wilson and J. A. Schultz and A. R. Ansari and T. D. Murphey}, 
booktitle={2015 IEEE/RSJ International Conference on Intelligent Robots and Systems (IROS)}, 
title={Real-time trajectory synthesis for information maximization using Sequential Action Control and least-squares estimation}, 
year={2015}, 
volume={}, 
number={}, 
pages={4935-4940}, 
keywords={observers;parameter estimation;robots;trajectory control;Baxter Research Robot;Fisher information;Rethink Robotics;dynamic model;dynamics simulation package;gripper;information maximization;least squares estimation;least squares estimator;load cell;nonlinear state observer model;online estimation;parameter estimation;real-time trajectory generation;real-time trajectory synthesis;sequential action control;Computational modeling;Observers;Prediction algorithms;Real-time systems;Robots;Trajectory}, 
doi={10.1109/IROS.2015.7354071}, 
ISSN={}, 
month={Sept},}


@INPROCEEDINGS{Kewlani2009, 
author={G. Kewlani and K. Iagnemma}, 
booktitle={2009 IEEE/RSJ International Conference on Intelligent Robots and Systems}, 
title={A Multi-Element generalized Polynomial Chaos approach to analysis of mobile robot dynamics under uncertainty}, 
year={2009}, 
volume={}, 
number={}, 
pages={1177-1182}, 
keywords={Monte Carlo methods;chaos;mobile robots;motion estimation;parameter estimation;robot dynamics;uncertain systems;MEgPC approach;generalized Askey polynomial chaos framework;mobile robot dynamics;multielement generalized polynomial chaos approach;parameter estimation;robot dynamics estimation;robot motion analysis;standard Monte Carlo scheme;vehicle parameter uncertainty;Chaos;Mobile robots;Motion estimation;Parameter estimation;Polynomials;Robot motion;Safety;Uncertainty;Vehicle dynamics;Vehicles}, 
doi={10.1109/IROS.2009.5354420}, 
ISSN={2153-0858}, 
month={Oct},}


@INPROCEEDINGS{Sjoberg2007, 
author={E. Sjoberg and K. Squire and C. Martell}, 
booktitle={2007 IEEE/RSJ International Conference on Intelligent Robots and Systems}, 
title={Online parameter estimation of a robot's motion model}, 
year={2007}, 
volume={}, 
number={}, 
pages={735-740}, 
keywords={SLAM (robots);mobile robots;motion control;parameter estimation;SLAM;mobile robot;motion model;online parameter estimation;simultaneous localization and mapping;Intelligent robots;Mobile robots;Motion estimation;Parameter estimation;Robot motion;Robot sensing systems;Robotics and automation;Rough surfaces;Simultaneous localization and mapping;Surface roughness;DP-SLAM;SLAM;motion model;online parameter estimation}, 
doi={10.1109/IROS.2007.4399501}, 
ISSN={2153-0858}, 
month={Oct},}

@INPROCEEDINGS{Akametalu2014, 
author={A. K. Akametalu and J. F. Fisac and J. H. Gillula and S. Kaynama and M. N. Zeilinger and C. J. Tomlin}, 
booktitle={53rd IEEE Conference on Decision and Control}, 
title={Reachability-based safe learning with Gaussian processes}, 
year={2014}, 
volume={}, 
number={}, 
pages={1424-1431}, 
keywords={Gaussian processes;approximation theory;control engineering computing;helicopters;iterative methods;learning (artificial intelligence);mobile robots;safety-critical software;Gaussian process;cart-pole system;experimental quadrotor application;iterative approximation;reachability-based safe learning;reinforcement learning;robotic application;safety critical system;Algorithm design and analysis;Control systems;Kernel;Level set;Measurement;Reachability analysis;Safety}, 
doi={10.1109/CDC.2014.7039601}, 
ISSN={0191-2216}, 
month={Dec},}

@INPROCEEDINGS{Berkenkamp2015, 
author={F. Berkenkamp and A. P. Schoellig}, 
booktitle={2015 European Control Conference (ECC)}, 
title={Safe and robust learning control with Gaussian processes}, 
year={2015}, 
volume={}, 
number={}, 
pages={2496-2501}, 
keywords={Gaussian processes;aircraft control;convex programming;helicopters;learning (artificial intelligence);learning systems;linear systems;regression analysis;robust control;GP regression;GP-based model;Gaussian process regression;convex optimization problem;data-based update scheme;learning-based robust control algorithm;linear robust controller;machine learning algorithms;quadrotor vehicle;robust stability;stabilization task;Adaptation models;Data models;Robust control;Robustness;Stability analysis;Uncertainty;Vehicle dynamics}, 
doi={10.1109/ECC.2015.7330913}, 
ISSN={}, 
month={July},}

@INPROCEEDINGS{Gillula2012, 
author={J. H. Gillula and C. J. Tomlin}, 
booktitle={2012 IEEE International Conference on Robotics and Automation}, 
title={Guaranteed Safe Online Learning via Reachability: tracking a ground target using a quadrotor}, 
year={2012}, 
volume={}, 
number={}, 
pages={2723-2730}, 
keywords={aerospace robotics;aircraft control;helicopters;learning (artificial intelligence);mobile robots;multi-robot systems;reachability analysis;statistical analysis;target tracking;GSOLR algorithm;HJI reachability;Hamilton-Jacobi-Isaacs reachability;Stanford testbed;autonomous rotorcraft;autonomous systems;general machine learning techniques;ground target tracking;guaranteed safe online learning-via-reachability;learning-only algorithm;motion model;multiagent control;quadrotor helicopter;robotic systems;safety analyses;safety-only algorithm;statistical learning techniques;Machine learning;Machine learning algorithms;Noise measurement;Observers;Robots;Safety;Target tracking}, 
doi={10.1109/ICRA.2012.6225136}, 
ISSN={1050-4729}, 
month={May},}

@INPROCEEDINGS{Gillulay2011, 
author={J. H. Gillulay and C. J. Tomlin}, 
booktitle={2011 IEEE/RSJ International Conference on Intelligent Robots and Systems}, 
title={Guaranteed safe online learning of a bounded system}, 
year={2011}, 
volume={}, 
number={}, 
pages={2979-2984}, 
keywords={Machine learning;Observers;Reachability analysis;Robots;Safety;Vehicle dynamics;Vehicles}, 
doi={10.1109/IROS.2011.6095101}, 
ISSN={2153-0858}, 
month={Sept},}

@INBOOK{Roy2013, 
author={Nicholas Roy and Paul Newman and Siddhartha Srinivasa}, 
booktitle={Robotics:Science and Systems VIII}, 
title={Reducing Conservativeness in Safety Guarantees by Learning Disturbances Online: Iterated Guaranteed Safe Online Learning}, 
year={2013}, 
volume={}, 
number={}, 
pages={504-}, 
keywords={}, 
doi={}, 
ISSN={}, 
publisher={MIT Press}, 
isbn={9780262315722}, 
url={http://ieeexplore.ieee.org.libproxy1.usc.edu/xpl/articleDetails.jsp?arnumber=6578006},}

@INPROCEEDINGS{Polo2011, 
author={F. J. Garcia Polo and F. Fernandez Rebollo}, 
booktitle={2011 IEEE Symposium on Adaptive Dynamic Programming and Reinforcement Learning (ADPRL)}, 
title={Safe reinforcement learning in high-risk tasks through policy improvement}, 
year={2011}, 
volume={}, 
number={}, 
pages={76-83}, 
keywords={aircraft control;control engineering computing;helicopters;learning (artificial intelligence);multi-agent systems;action control tasks;agent;dynamic control tasks;helicopter hovering task;high-risk tasks;policy improvement;reinforcement learning;trial and error process;Computer crashes;Helicopters;Mathematical model;Robots;Robustness;Safety;Trajectory}, 
doi={10.1109/ADPRL.2011.5967356}, 
ISSN={2325-1824}, 
month={April},}

@INPROCEEDINGS{McKinnon2017, 
author={C. D. McKinnon and A. P. Schoellig}, 
booktitle={2017 IEEE International Conference on Robotics and Automation (ICRA)}, 
title={Learning multimodal models for robot dynamics online with a mixture of Gaussian process experts}, 
year={2017}, 
volume={}, 
number={}, 
pages={322-328}, 
keywords={Gaussian processes;learning (artificial intelligence);mixture models;robot dynamics;Dirichlet process mixture model;controlled industrial environment;human operator;mixture of Gaussian process experts;multimodal model learning;robot dynamics;Aerodynamics;Data models;Gaussian processes;Heuristic algorithms;Robots;Safety;System dynamics}, 
doi={10.1109/ICRA.2017.7989041}, 
ISSN={}, 
month={May},}

@INPROCEEDINGS{Berkenkamp2016, 
author={F. Berkenkamp and A. P. Schoellig and A. Krause}, 
booktitle={2016 IEEE International Conference on Robotics and Automation (ICRA)}, 
title={Safe controller optimization for quadrotors with Gaussian processes}, 
year={2016}, 
volume={}, 
number={}, 
pages={491-496}, 
keywords={Bayes methods;Gaussian processes;aircraft control;control system synthesis;helicopters;learning systems;optimisation;parameter estimation;Bayesian optimization;Gaussian process;SafeOpt;automatic controller parameter tuning;controller design;dynamic systems;low-performance controller;machine learning;performance threshold;probability;quadrotor vehicle;safe controller optimization;safe optimization algorithm;safety-critical system failure;Bayes methods;Computational modeling;Noise measurement;Optimization;Safety;Tuning;Vehicle dynamics}, 
doi={10.1109/ICRA.2016.7487170}, 
ISSN={}, 
month={May},}

@ARTICLE{Mannucci2017, 
author={T. Mannucci and E. J. van Kampen and C. de Visser and Q. Chu}, 
journal={IEEE Transactions on Neural Networks and Learning Systems}, 
title={Safe Exploration Algorithms for Reinforcement Learning Controllers}, 
year={2017}, 
volume={PP}, 
number={99}, 
pages={1-13}, 
keywords={Adaptation models;Aerodynamics;Aircraft;Heuristic algorithms;Learning (artificial intelligence);Measurement;Safety;Adaptive controllers;model-free control;reinforcement learning (RL);safe exploration.}, 
doi={10.1109/TNNLS.2017.2654539}, 
ISSN={2162-237X}, 
month={},}

@INPROCEEDINGS{Martinez2015, 
author={D. Martínez and G. Alenyà and C. Torras}, 
booktitle={2015 IEEE/RSJ International Conference on Intelligent Robots and Systems (IROS)}, 
title={Safe robot execution in model-based reinforcement learning}, 
year={2015}, 
volume={}, 
number={}, 
pages={6422-6427}, 
keywords={learning (artificial intelligence);robots;alternative safe plan;international planning competition;model-based reinforcement learning;robotic task learning process;safe robot execution;simulated problem;state space;Context;Learning (artificial intelligence);Manipulators;Planning;Safety;Space exploration}, 
doi={10.1109/IROS.2015.7354295}, 
ISSN={}, 
month={Sept},}

@Article{Shah2016,
author="Shah, Brual C.
and {\v{S}}vec, Petr
and Bertaska, Ivan R.
and Sinisterra, Armando J.
and Klinger, Wilhelm
and von Ellenrieder, Karl
and Dhanak, Manhar
and Gupta, Satyandra K.",
title="Resolution-adaptive risk-aware trajectory planning for surface vehicles operating in congested civilian traffic",
journal="Autonomous Robots",
year="2016",
month="Oct",
day="01",
volume="40",
number="7",
pages="1139--1163",
issn="1573-7527",
doi="10.1007/s10514-015-9529-x",
url="https://doi.org/10.1007/s10514-015-9529-x"
}

@article{Bertaska2015,
title = "Experimental evaluation of automatically-generated behaviors for USV operations",
journal = "Ocean Engineering",
volume = "106",
number = "Supplement C",
pages = "496 - 514",
year = "2015",
issn = "0029-8018",
doi = "https://doi.org/10.1016/j.oceaneng.2015.07.002",
url = "http://www.sciencedirect.com/science/article/pii/S0029801815003066",
author = "Ivan R. Bertaska and Brual Shah and Karl von Ellenrieder and Petr Švec and Wilhelm Klinger and Armando J. Sinisterra and Manhar Dhanak and Satyandra K. Gupta"
}

@article{Raboin2015,
author="Raboin, Eric
and {\v{S}}vec, Petr
and Nau, Dana S.
and Gupta, Satyandra K.",
title="Model-predictive asset guarding by team of autonomous surface vehicles in environment with civilian boats",
journal="Autonomous Robots",
year="2015",
month="Mar",
day="01",
volume="38",
number="3",
pages="261--282",
issn="1573-7527",
doi="10.1007/s10514-014-9409-9",
url="https://doi.org/10.1007/s10514-014-9409-9"
}

@article{svec2012automated,
  title={Automated synthesis of action selection policies for unmanned vehicles operating in adverse environments},
  author={\v{S}vec, Petr and Gupta, Satyandra K},
  journal={Autonomous Robots},
  volume={32},
  number={2},
  pages={149--164},
  year={2012},
  publisher={Springer}
}

@article{svectarget2013,
  title={Target Following with Motion Prediction for Unmanned Surface Vehicle Operating in Cluttered Environments},
  author={{\v{S}}vec, P and Thakur, A and Raboin, E and Shah, B. C. and Gupta, S. K.},
  journal={Autonomous Robots},
  volume={36},
  pages={383--405},
  year={2014},
  publisher={Springer}
}

@article{cujakk,
title={The FastMap Algorithm for Shortest Path Computations},
author={Liron Cohen and Tansel Uras and Shiva Jahangiri and Aliyah Arunasalam and Sven Koenig and T.~K.~Satish Kumar},
journal={Proceedings of the Fifteenth International Symposium on Artificial Intelligence and Mathematics (ISAIM-2018; in review); arXiv preprint arXiv:1706.02792},
year={2018}
}

@article{thakur2012,
title = "GPU based generation of state transition models using simulations for unmanned surface vehicle trajectory planning",
journal = "Robotics and Autonomous Systems",
year = "2012",
issn = "0921-8890",
doi = "10.1016/j.robot.2012.07.009",
url = "http://www.sciencedirect.com/science/article/pii/S0921889012001121",
author = "Thakur, A. and \v{S}vec, P. and Gupta, S.K.",
}
@article{commandant1999international,
  title={International regulations for prevention of collisions at sea, 1972 (72 COLREGS)},
  author={Commandant, UCG},
  journal={US Department of Transportation, US Coast Guard, COMMANDANT INSTRUCTION M},
  volume={16672},
  year={1999}
}